<?xml version="1.0" encoding="UTF-8"?><collection xmlns="http://www.loc.gov/MARC21/slim"><record><leader>00445nam--2200169-i-4500</leader><controlfield tag="001">000037996</controlfield><controlfield tag="002">20161230</controlfield><controlfield tag="005">20161230201041</controlfield><controlfield tag="008">060222s1000------------r-----000-0-eng-d</controlfield><datafield ind1=" " ind2=" " tag="040"><subfield code="a">IFIN-HH</subfield></datafield><datafield ind1=" " ind2=" " tag="080"><subfield code="a">539.1</subfield></datafield><datafield ind1="1" ind2=" " tag="100"><subfield code="a">Rajam,J.B</subfield></datafield><datafield ind1="1" ind2="0" tag="245"><subfield code="a">Atomic physics</subfield><subfield code="b">With a foreword by prof. louis de broglie</subfield><subfield code="c">J.b. rajam</subfield></datafield><datafield ind1=" " ind2=" " tag="260"><subfield code="a">Delhi</subfield><subfield code="b">S.Chand &amp; Co</subfield><subfield code="c">1960</subfield></datafield><datafield ind1=" " ind2=" " tag="300"><subfield code="a">XVIII + 1262 P</subfield></datafield><datafield ind1=" " ind2=" " tag="852"><subfield code="a">16288</subfield><subfield code="c">539</subfield></datafield><datafield ind1=" " ind2=" " tag="CAT"><subfield code="a">Sys</subfield><subfield code="c">20110927</subfield><subfield code="h">083348</subfield></datafield></record></collection>